@misc{BBBikes,
  title = {OSM extracts for Vancouver},
  howpublished = {\url{https://download.bbbike.org/osm/bbbike/Vancouver/}},
}
@article{dai2011racial,
  title={Racial/ethnic and socioeconomic disparities in urban green space accessibility: Where to intervene?},
  author={Dai, Dajun},
  journal={Landscape and Urban Planning},
  volume={102},
  number={4},
  pages={234--244},
  year={2011},
  publisher={Elsevier}
}
@article{nesbitt2019has,
  title={Who has access to urban vegetation? A spatial analysis of distributional green equity in 10 US cities},
  author={Nesbitt, Lorien and Meitner, Michael J and Girling, Cynthia and Sheppard, Stephen RJ and Lu, Yuhao},
  journal={Landscape and Urban Planning},
  volume={181},
  pages={51--79},
  year={2019},
  publisher={Elsevier}
}
@article{ng2021inequality,
  title={Inequality and allergenic cover of urban greenspaces surrounding public elementary schools in Vancouver, British Columbia, Canada},
  author={Ng, Aeryn and Gergel, Sarah E and Eskelson, Bianca NI},
  journal={Ecosystems and People},
  volume={17},
  number={1},
  pages={178--190},
  year={2021},
  publisher={Taylor \& Francis}
}
@book{statistics1912census,
  title={Census of Canada},
  author={Statistics Canada and Canada. Dominion Bureau of Statistics},
  volume={1},
  year={2021},
  publisher={Information Canada}
}
@misc{ParkPeople2022Report
title = {The 2022 Canadian city parks report: Nurturing relationships & reciprocity},
  howpublished = {\url{https://ccpr.parkpeople.ca/2022/.}},
}
@misc{TransitLand2023GTFS
title = {GTFS feed: West Coast Express, British Columbia Rapid Transit Company, 
TransLink},
  howpublished = {\url{https://www.transit.land/feeds/f-c28-nstranslinkca}},
}
