  @Manual{,
    author = {Jens {von Bergmann} and Dmitry Shkolnik and Aaron Jacobs},
    title = {cancensus: R package to access, retrieve, and work with Canadian Census data and geography},
    year = {2021},
    note = {R package version 0.4.2},
    url = {https://mountainmath.github.io/cancensus/},
  }
  @Book{,
    author = {Hadley Wickham},
    title = {ggplot2: Elegant Graphics for Data Analysis},
    publisher = {Springer-Verlag New York},
    year = {2016},
    isbn = {978-3-319-24277-4},
    url = {https://ggplot2.tidyverse.org},
  }
 @Article{,
    title = {Welcome to the {tidyverse}},
    author = {Hadley Wickham and Mara Averick and Jennifer Bryan and Winston Chang and Lucy D'Agostino McGowan and Romain François and Garrett Grolemund and Alex Hayes and Lionel Henry and Jim Hester and Max Kuhn and Thomas Lin Pedersen and Evan Miller and Stephan Milton Bache and Kirill Müller and Jeroen Ooms and David Robinson and Dana Paige Seidel and Vitalie Spinu and Kohske Takahashi and Davis Vaughan and Claus Wilke and Kara Woo and Hiroaki Yutani},
    year = {2019},
    journal = {Journal of Open Source Software},
    volume = {4},
    number = {43},
    pages = {1686},
    doi = {10.21105/joss.01686},
  }
  @Manual{,
    title = {tigris: Load Census TIGER/Line Shapefiles},
    author = {Kyle Walker},
    year = {2023},
    note = {R package version 2.0.1},
    url = {https://CRAN.R-project.org/package=tigris},
  }
  @Manual{,
    title = {kableExtra: Construct Complex Table with 'kable' and Pipe Syntax},
    author = {Hao Zhu},
    year = {2021},
    note = {R package version 1.3.4},
    url = {https://CRAN.R-project.org/package=kableExtra},
  }
   @Book{,
    author = {Carson Sievert},
    title = {Interactive Web-Based Data Visualization with R, plotly, and shiny},
    publisher = {Chapman and Hall/CRC},
    year = {2020},
    isbn = {9781138331457},
    url = {https://plotly-r.com},
  }
   @Article{,
    author = {Edzer Pebesma},
    title = {{Simple Features for R: Standardized Support for Spatial Vector Data}},
    year = {2018},
    journal = {{The R Journal}},
    doi = {10.32614/RJ-2018-009},
    url = {https://doi.org/10.32614/RJ-2018-009},
    pages = {439--446},
    volume = {10},
    number = {1},
  }
 @Book{,
    author = {Edzer Pebesma and Roger S. Bivand},
    title = {Spatial Data Science With Applications in {R}},
    year = {2023},
    publisher = {Chapman & Hall},
    url = {https://r-spatial.org/book/},
  }
  @Article{,
    author = {{Roger Bivand}},
    title = {R Packages for Analyzing Spatial Data: A Comparative Case Study with Areal Data},
    journal = {Geographical Analysis},
    year = {2022},
    volume = {54},
    number = {3},
    pages = {488-518},
    doi = {10.1111/gean.12319},
  }
   @Manual{,
    title = {spgwr: Geographically Weighted Regression},
    author = {Roger Bivand and Danlin Yu},
    year = {2022},
    note = {R package version 0.6-35},
    url = {https://CRAN.R-project.org/package=spgwr},
  }
   @Manual{,
    title = {dplyr: A Grammar of Data Manipulation},
    author = {Hadley Wickham and Romain François and Lionel Henry and Kirill Müller and Davis Vaughan},
    year = {2023},
    note = {R package version 1.1.0},
    url = {https://CRAN.R-project.org/package=dplyr},
  }
    @Article{,
    title = {r5r: Rapid Realistic Routing on Multimodal Transport Networks with R5 in R},
    author = {Rafael H. M. Pereira and Marcus Saraiva and Daniel Herszenhut and Carlos Kaue Vieira Braga and Matthew Wigginton Conway},
    journal = {Findings},
    year = {2021},
    doi = {10.32866/001c.21262},
    url = {https://doi.org/10.32866/001c.21262},
  }
    @Manual{,
    title = {rJava: Low-Level R to Java Interface},
    author = {Simon Urbanek},
    year = {2021},
    note = {R package version 1.0-6},
    url = {https://CRAN.R-project.org/package=rJava},
  }
    @Manual{,
    title = {stargazer: Well-Formatted Regression and Summary Statistics Tables},
    author = {Marek Hlavac},
    year = {2022},
    note = {R package version 5.2.3},
    organization = {Social Policy Institute},
    address = {Bratislava, Slovakia},
    url = {https://CRAN.R-project.org/package=stargazer},
  }
